<record><leader>00000cas a22000007a 4500</leader><controlfield tag="001">11375672</controlfield><controlfield tag="008">841112d18401850njuwr ne      0    0eng d</controlfield><datafield ind1=" " ind2=" " tag="010"><subfield code="a">sn 84045015 </subfield></datafield><datafield ind1=" " ind2=" " tag="040"><subfield code="a">NPA</subfield><subfield code="b">eng</subfield><subfield code="c">NPA</subfield><subfield code="d">NPX</subfield><subfield code="d">NJW</subfield><subfield code="d">OCLCQ</subfield></datafield><datafield ind1=" " ind2=" " tag="042"><subfield code="a">msc</subfield></datafield><datafield ind1="0" ind2="0" tag="245"><subfield code="a">New-Jersey advocate.</subfield></datafield><datafield ind1=" " ind2=" " tag="260"><subfield code="a">Rahway, N.J. :</subfield><subfield code="b">Eugene F.W. Gray</subfield></datafield><datafield ind1=" " ind2=" " tag="300"><subfield code="a">v.</subfield></datafield><datafield ind1=" " ind2=" " tag="310"><subfield code="a">Weekly</subfield></datafield><datafield ind1="1" ind2=" " tag="362"><subfield code="a">Began in 1840?</subfield></datafield><datafield ind1="0" ind2=" " tag="362"><subfield code="a">-Sept. 5, 1850.</subfield></datafield><datafield ind1=" " ind2=" " tag="500"><subfield code="a">Editors: E.Y. Rogers, &lt;1844&gt;; Eugene F.W. Gray, &lt;1845&gt;-1850.</subfield></datafield><datafield ind1=" " ind2=" " tag="588"><subfield code="a">Description based on: Jan. 14, 1842.</subfield></datafield><datafield ind1=" " ind2=" " tag="752"><subfield code="a">United States</subfield><subfield code="b">New Jersey</subfield><subfield code="c">Union</subfield><subfield code="d">Rahway.</subfield></datafield><datafield ind1="0" ind2="0" tag="780"><subfield code="t">New-Jersey advocate, and Middlesex and Essex advertiser</subfield><subfield code="w">(DLC)sn 84026225</subfield></datafield><datafield ind1="0" ind2="5" tag="780"><subfield code="t">Rahway herald, and New Jersey general advertiser</subfield><subfield code="w">(DLC)sn 85025214</subfield></datafield><datafield ind1="0" ind2="0" tag="785"><subfield code="t">Advocate and register (Rahway, N.J.)</subfield><subfield code="w">(DLC)sn 84045016</subfield></datafield><datafield ind1="1" ind2=" " tag="029"><subfield code="a">AU@</subfield><subfield code="b">000025831203</subfield></datafield></record>